@article{lamport1998part,
  title={The part-time parliament},
  author={Lamport, Leslie},
  journal={ACM Transactions on Computer Systems (TOCS)},
  volume={16},
  number={2},
  pages={133--169},
  year={1998},
  publisher={ACM}
}

@article{lamport2001paxos,
  title={Paxos made simple},
  author={Lamport, Leslie and others},
  journal={ACM Sigact News},
  volume={32},
  number={4},
  pages={18--25},
  year={2001}
}

@article{van2015paxos,
  title={Paxos made moderately complex},
  author={Van Renesse, Robbert and Altinbuken, Deniz},
  journal={ACM Computing Surveys (CSUR)},
  volume={47},
  number={3},
  pages={42},
  year={2015},
  publisher={ACM}
}
@inproceedings{santos2012tuning,
  title={Tuning paxos for high-throughput with batching and pipelining},
  author={Santos, Nuno and Schiper, Andr{\'e}},
  booktitle={International Conference on Distributed Computing and Networking},
  pages={153--167},
  year={2012},
  publisher={Springer}
}


